@inproceedings{matthes2022matching,
  title={{Matching Traffic Lights to Routes for Real-World Deployments of Mobile GLOSA Apps}},
  author={Matthes, Philipp and Springer, Thomas},
  booktitle={2022 IEEE International Smart Cities Conference (ISC2)},
  pages={1--7},
  year={2022},
  organization={IEEE},
  keywords="{ownpaper,related}"
}

@inproceedings{matthes2022selecting,
  title={{Selecting Resource-Efficient ML Models for Transport Mode Detection on Mobile Devices}},
  author={Matthes, Philipp and Springer, Thomas},
  booktitle={2022 IEEE International Conference on Internet of Things and Intelligence Systems (IoTaIS)},
  pages={135--141},
  year={2022},
  organization={IEEE},
  keywords="{ownpaper,notrelated}"
}

@inproceedings{matthes2023accurate,
  title={{Accurate Bike Routing for Lane Prediction in GLOSA Apps via Infrastructure Reference Models}},
  author={Matthes, Philipp and Springer, Thomas and Jeschor, Daniel},
  booktitle={2023 IEEE International Conference on Intelligent Transportation Systems (ITSC)},
  pages={1--6},
  year={2023},
  organization={IEEE},
  keywords="{ownpaper,related}"
}

@inproceedings{matthes2023geo,
  title={{GeoAI-Powered Lane Matching for Bike Routes in GLOSA Apps}},
  author={Matthes, Philipp and Springer, Thomas and Jeschor, Daniel},
  booktitle={The 31st ACM International Conference on Advances in Geographic Information Systems (SIGSPATIAL '23)},
  pages={1--4},
  year={2023},
  doi={10.1145/3589132.3625583},
  organization={ACM},
  keywords="{ownpaper,related}"
}