@phdthesis{lorenz_2022, title={{Verknüpfung von Radinfrastrukturdaten und öffentlichen Kartendaten zur Optimierung der Infrastrukturabdeckung von Fahrradrouten}}, type={Diploma Thesis}, description={Student research project under the supervision of Thomas Springer and Philipp Matthes.}, author={Lorenz, Max}, year={2022}, month=nov,keywords="{student}",}

@phdthesis{pickhardt_2022, title={{Entwicklung von UI/UX-Konzepten für die Darstellung und Auswahl von Alternativrouten und zugehörigen Metainformationen für Radfahrende in der PrioBike-App}}, type={Großer Beleg}, description={Student research project under the supervision of Thomas Springer and Philipp Matthes.}, author={Pickhardt, Paul Maximilian}, year={2022}, month=nov,keywords="{student}",}

@phdthesis{jeschor_2022, title={{Erstellung und Evaluation eines Machine-Learning-Verfahrens für die Selektion von Lichtsignalanlagen entlang einer Route}}, type={Master Thesis}, description={Student research project under the supervision of Thomas Springer and Philipp Matthes.}, author={Jeschor, Daniel Maik}, year={2022}, month=oct,keywords="{student}",}

@phdthesis{lahr_2023, title={{Gamification und Fahrradfahren: Entwicklung und Evaluation eines Konzepts zur nachhaltigen Motivationssteigerung in der PrioBike-App}}, type={Master Thesis}, description={Student research project under the supervision of Thomas Springer and Philipp Matthes.}, author={Lahr, Mattis}, year={2023}, month=oct,keywords="{student}",}

@phdthesis{pickhardt_2023, title={{Erstellung und Evaluation multimodaler Interaktionsmethoden für Geschwindig-\allowbreak keitsempfehlungen und Navigationsanweisungen in der PrioBike-App}}, type={Diploma Thesis}, description={Student research project under the supervision of Thomas Springer and Philipp Matthes.}, author={Pickhardt, Paul Maximilian}, year={2023}, month=sep,keywords="{student}",}

@phdthesis{wieland_2023, title={{Konzeption und Evaluation einer Smartphone-basierten Eye-Tracking-Lösung für den Einsatz bei Radfahrten mit hoher Robustheit gegenüber wechselnden Umweltbedingungen}}, type={Diploma Thesis}, description={Student research project under the supervision of Thomas Springer and Philipp Matthes.}, author={Wieland, Markus}, year={2023}, month=nov,keywords="{student}",}

@phdthesis{pix_2024, title={{Continuous Cycling: Konzeption und Evaluation eines Ansatzes für ein automatisiertes Monitoring zur Effektivitätsanalyse von Bike-GLOSA an Kreuzungen}}, type={Diploma Thesis}, description={Student research project under the supervision of Thomas Springer and Philipp Matthes.}, author={Pix, Florian}, year={2024}, month=feb,keywords="{student}",}