@unpublished{jeschor2024cloudy,
  title={{Cloudy with a Chance of Green: Measuring the Predictability of 18,009 Traffic Lights in Hamburg}},
  author={Jeschor, Daniel and Matthes, Philipp and Springer, Thomas and Fr√∂hlich, Sven and Pape, Sebastian},
  year={2024},
  keywords="{ownpaper,unpublished}"
}